@manual{columbiaManual,
  title        = "Fall 2022 Physics3081 Intermediate Laboratory: Measurement of the Charge of the Electron",
  organization = "Columbia University",
  address      = "New York, NY",
  year         = 2022
}